<?xml version="1.0" encoding="UTF-8"?><collection xmlns="http://www.loc.gov/MARC21/slim"><record><leader>00560nam--2200181-i-4500</leader><controlfield tag="001">000020180</controlfield><controlfield tag="002">20161230</controlfield><controlfield tag="005">20161230201033</controlfield><controlfield tag="008">060222s1000------------r-----000-0-eng-d</controlfield><datafield ind1=" " ind2=" " tag="040"><subfield code="a">IFIN-HH</subfield></datafield><datafield ind1=" " ind2=" " tag="080"><subfield code="a">539.12.01(042.4)</subfield></datafield><datafield ind1="1" ind2=" " tag="100"><subfield code="a">Levy, M</subfield></datafield><datafield ind1="1" ind2="0" tag="245"><subfield code="a">Elementary particle and high energy physics</subfield><subfield code="b">1963 lectures given at the cargese summer school of theoretical physics</subfield><subfield code="c">M. levy, ph. meyer (eds.)</subfield></datafield><datafield ind1=" " ind2=" " tag="260"><subfield code="a">New York</subfield><subfield code="b">Gordon And Breach</subfield><subfield code="c">1965</subfield></datafield><datafield ind1=" " ind2=" " tag="300"><subfield code="a">363 P</subfield></datafield><datafield ind1="1" ind2=" " tag="700"><subfield code="a">Meyer, Ph</subfield><subfield code="e">Ed</subfield></datafield><datafield ind1=" " ind2=" " tag="852"><subfield code="a">23945</subfield><subfield code="c">539.12</subfield></datafield><datafield ind1=" " ind2=" " tag="CAT"><subfield code="a">Sys</subfield><subfield code="c">20111104</subfield><subfield code="h">133922</subfield></datafield></record></collection>